@book{joshi2008quant,
  title     = {Quant Job Interview: Questions and Answers},
  author    = {Joshi, M.S. and Denson, N. and Downes, A.},
  isbn      = {9781438217031},
  url       = {https://books.google.com/books?id=y7qEOgAACAAJ},
  year      = {2008},
  publisher = {CreateSpace Independent Publishing Platform}
}

@article{Hutter:2007,
  author  = {Hutter, M.  and Legg, S.  and Vitanyi, P. M.B.},
  title   = {{A}lgorithmic probability},
  year    = {2007},
  journal = {Scholarpedia},
  volume  = {2},
  number  = {8},
  pages   = {2572},
  doi     = {10.4249/scholarpedia.2572},
  note    = {revision \#151509}
}
@article{Li:1980,
  author    = {Shuo-Yen Robert Li},
  title     = {{A Martingale Approach to the Study of Occurrence of Sequence Patterns in Repeated Experiments}},
  volume    = {8},
  journal   = {The Annals of Probability},
  number    = {6},
  publisher = {Institute of Mathematical Statistics},
  pages     = {1171 -- 1176},
  keywords  = {Leading number, martingale, stopping time, waiting time},
  year      = {1980},
  doi       = {10.1214/aop/1176994578},
  url       = {https://doi.org/10.1214/aop/1176994578}
}

@book{mosteller1987fifty,
  title     = {Fifty Challenging Problems in Probability with Solutions},
  author    = {Mosteller, F.},
  isbn      = {9780486653556},
  lccn      = {86032957},
  series    = {Dover Books on Mathematical and Logical Puzzles, Cryptography and Word Recreations},
  url       = {https://books.google.com/books?id=sQr5AAAAQBAJ},
  year      = {1987},
  publisher = {Dover Publications}
}

@book{wilf2014generatingfunctionology,
  title     = {Generatingfunctionology},
  author    = {Wilf, H.S.},
  isbn      = {9781483276632},
  url       = {https://books.google.com/books?id=XOPMBQAAQBAJ},
  year      = {2014},
  publisher = {Academic Press}
}
